
@misc{buglife_buglife_2024,
	title = {Buglife {Bug} {Directory} {\textasciitilde} {Violet} {Ground} {Beetle}},
	url = {https://www.buglife.org.uk/bugs/bug-directory/violet-ground-beetle/},
	abstract = {Find out about the Violet Ground Beetle in our bug directory for more fast facts about this species.},
	language = {en-GB},
	urldate = {2025-01-24},
	journal = {Buglife},
	author = {{Buglife}},
	month = jan,
	year = {2024},
	file = {Snapshot:files/129/violet-ground-beetle.html:text/html},
}

@misc{isabelle_abeilles_2017,
	title = {Abeilles sauvages solitaires et autres insectes : bienvenue à l'hôtel !},
	shorttitle = {Abeilles sauvages solitaires et autres insectes},
	url = {https://lescarnetsdubienetre.com/abeilles-sauvages-accueillir-observer/},
	abstract = {Accueillez et observez les abeilles sauvages et autres insectes qui interviennent dans la pollinisation des espèces végétales.},
	language = {fr-FR},
	urldate = {2025-01-24},
	journal = {Les carnets du bien-être},
	author = {Isabelle},
	month = mar,
	year = {2017},
	file = {Snapshot:files/131/abeilles-sauvages-accueillir-observer.html:text/html},
}

@misc{plantsman_chrysoperla_2025,
	title = {Chrysoperla carnea {\textbar} {Beneficial} {Insects} for {Cannabis} {\textbar} {Plantsman}},
	url = {https://www.plantsmangroup.com/product/chrysoperla-carnea/},
	urldate = {2025-01-24},
	author = {{Plantsman}},
	month = jan,
	year = {2025},
	file = {Chrysoperla carnea | Beneficial Insects for Cannabis | Plantsman:files/134/chrysoperla-carnea.html:text/html},
}

@misc{agrofourniture_hotel_2025,
	title = {Hôtel à insectes géant {ECONEX} - 119 x 79 x 39 cm},
	url = {https://agrifournitures.fr/abris-et-niches/77033-hotel-insectes-geant-econex.html?gad_source=1&gclid=Cj0KCQiAv628BhC2ARIsAIJIiK88YM6rDSI7suAQedpDwIUMVNYYR7C5wP9n3R4s195IZ6oOezya80kaApliEALw_wcB},
	abstract = {Agrifournitures.fr vous propose de découvrir l' Hôtel à insectes géant ECONEX - 119 x 79 x 39 cm au meilleur prix ! Livraison rapide assurée !},
	language = {fr-FR},
	urldate = {2025-01-24},
	journal = {Agrifournitures.fr},
	author = {{Agrofourniture}},
	month = jan,
	year = {2025},
	file = {Snapshot:files/137/77033-hotel-insectes-geant-econex.html:text/html},
}

@misc{vivara_hotel_nodate,
	title = {Hotel pour insectes {Capri}},
	url = {https://www.vivara.fr/hotel-pour-insectes-capri?gad_source=1&gclid=Cj0KCQiAv628BhC2ARIsAIJIiK8TuwFNcXUFKaPjyoVw9f6IY5B7kcqmwDUUzTQlokYJ6jrQtjETbTwaAjQPEALw_wcB},
	urldate = {2025-01-24},
	author = {{Vivara}},
	file = {Hotel pour insectes Capri:files/139/hotel-pour-insectes-capri.html:text/html},
}

@misc{gammvert_piquet_nodate,
	title = {Piquet ganivelle en bois {H} 1m80 lot de 4 - {Easy} {Clôture} - {Gamm} vert},
	url = {https://www.gammvert.fr/p/piquet-ganivelle-en-bois-h-1m80-lot-de-4-easy-cloture-6706a5135448ac2312a3a188},
	abstract = {Piquet ganivelle en bois H 1m80 lot de 4 - Easy Clôture : EN STOCK chez Gamm vert - Large choix de produits au meilleur prix - Livraison en magasin offerte dès 30€ d’achat - Paiement sécurisé},
	language = {fr},
	urldate = {2025-01-24},
	author = {{Gammvert}},
	file = {Snapshot:files/141/piquet-ganivelle-en-bois-h-1m80-lot-de-4-easy-cloture-6706a5135448ac2312a3a188.html:text/html},
}

@misc{actu_environnement_definition_2025,
	title = {Définition de {Fréon}},
	url = {https://www.actu-environnement.com/ae/dictionnaire_environnement/definition/freon.php4},
	abstract = {Le Fréon (marque commerciale) est le nom d'une famille de gaz hydrochlorofluorocarbonés (HCFC) ou chlorofluorocarbonés (CFC) fabriqués par la société DuPont de Nemours. 
  
  Les fréons sont ininflammables, non corrosifs et non toxiques en cas de fui...},
	language = {fr},
	urldate = {2025-01-24},
	journal = {Actu-Environnement},
	author = {{Actu environnement}},
	year = {2025},
	note = {ISSN: 2107-6677
Publisher: Actu-environnement},
	file = {Snapshot:files/143/freon.html:text/html},
}

@misc{hvac_fluide_nodate,
	title = {Fluide frigorigène naturel - {Liste} des fluides pour la réfrigération},
	url = {https://www.hvac-intelligence.fr/fluide-frigorigene-naturel/},
	abstract = {Le fluide frigorigène naturel est de plus en plus utilisé dans les systèmes de réfrigération et de climatisation.},
	language = {fr-FR},
	urldate = {2025-01-24},
	journal = {HVAC Intelligence},
	author = {{HVAC}},
	file = {Snapshot:files/145/fluide-frigorigene-naturel.html:text/html},
}

@misc{securinorme_comment_nodate,
	title = {Comment stocker ses produits chimiques en toute sécurité ? - {SECURINORME}},
	url = {https://www.securinorme.com/prevention-au-travail/183-comment-stocker-ses-produits-chimiques-en-toute-securite-},
	urldate = {2025-01-24},
	author = {{securinorme}},
	file = {Comment stocker ses produits chimiques en toute sécurité ? - SECURINORME:files/147/183-comment-stocker-ses-produits-chimiques-en-toute-securite-.html:text/html},
}

@misc{inrs_risques_nodate,
	title = {Risques chimiques. {Stockage} des produits chimiques - {Risques} - {INRS}},
	url = {https://www.inrs.fr/risques/chimiques/stockage-produits-chimiques.html},
	abstract = {Pour organiser un stockage de produits chimiques sûr : prévoir des locaux et des armoires dédiées, choisir des matériaux adaptés, ventiler, limiter les quantités, séparer les produits incompatibles…},
	language = {fr},
	urldate = {2025-01-24},
	author = {{INRS}},
	file = {Snapshot:files/149/stockage-produits-chimiques.html:text/html},
}

@misc{conrad_compteur_nodate,
	title = {Compteur de coûts d'énergie {TIP} - {Thüringer} {Industrie} {Produkte} 41600 {Etalonnage} {MID} - {Conrad} {Electronic} {France}},
	url = {https://www.conrad.fr/fr/p/compteur-de-couts-d-energie-tip-thuringer-industrie-produkte-41600-etalonnage-mid-1209766.html},
	abstract = {Achetez votre Compteur de coûts d'énergie TIP - Thüringer Industrie Produkte 41600 Etalonnage MID bon marché en ligne.
✓ Des produits toujours originaux ✓ Des retours gratuits ✓ Un délai de réflexion de 30 jours.},
	language = {fr-FR},
	urldate = {2025-01-28},
	author = {{Conrad}},
	file = {Snapshot:files/151/compteur-de-couts-d-energie-tip-thuringer-industrie-produkte-41600-etalonnage-mid-1209766.html:text/html},
}
