
@misc{noauthor_alimentation_nodate,
	title = {Alimentation et numérique},
	url = {https://anr.fr/Projet-ANR-21-CE36-0009},
	abstract = {ALIMNUM se structure autour de trois objectifs : (1) Documenter les déterminants numériques des nouvelles pratiques alimentaires/nutritionnelles/corporelles ; (2) Cerner le lien potentiel entre le suivi de publications centrées sur la tendance healthy et des pratiques alimentaires/nutritionnelles à risques ; (3) Déterminer l’impact de ces publications sur la survenue de pathologies. ALIMNUM se positionne comme un projet original à plusieurs titres :- type de déterminant étudié : le numérique associé à une population considérée comme vulnérable ;- transversal : combinaison d’approches sociologiques, psychologiques, marketing et santé publique à tous les stades du projet ;- méthodologique : élaboration d’un programme mixant plusieurs volets qualitatifs-quantitatifs et recoupement avec une approche clinique ;- portée opérationnelle : validation d’un test de dépistage pour diagnostiquer de façon systématique les risques d’entrée en TCA.},
	language = {fr},
	urldate = {2025-02-07},
	journal = {Agence nationale de la recherche},
	file = {Snapshot:files/169/Projet-ANR-21-CE36-0009.html:text/html},
}

@misc{noauthor_numerique_nodate,
	title = {Le numérique va-t-il révolutionner notre alimentation ? {\textbar} {INRAE}},
	shorttitle = {Le numérique va-t-il révolutionner notre alimentation ?},
	url = {https://www.inrae.fr/actualites/futurs-alimentation-numerique},
	abstract = {La réponse est oui ! La révolution numérique est déjà en cours et va se poursuivre dans l’alimentation comme d’autres domaines. Ce qui est plus incertain c’est dans quels sens les évolutions vont se faire : autant de possibles parmi lesquels nous pouvons faire des choix. À travers une étude prospective menée par INRAE et Grenoble INP, on explore les futurs possibles d’une alimentation 4.0.},
	language = {fr},
	urldate = {2025-02-07},
	file = {Snapshot:files/171/futurs-alimentation-numerique.html:text/html},
}

@misc{noauthor_portage_nodate,
	title = {Le portage des repas à domicile, un levier pour améliorer l’état nutritionnel des personnes âgées dépendantes {\textbar} {INRAE}},
	url = {https://www.inrae.fr/actualites/portage-repas-domicile-levier-ameliorer-letat-nutritionnel-personnes-agees-dependantes},
	abstract = {Bénéficier du portage des repas permet aux personnes âgées qui rencontrent des difficultés à cuisiner ou à faire les courses, de rester à domicile. Ségolène Fleury, doctorante INRAE, a exploré le rôle de ce service dans la prévention de la dénutrition chez les personnes âgées, soulignant tout à la fois son intérêt et ses marges d’amélioration, qu’il s’agisse de la qualité du service ou de la qualité nutritionnelle des repas.},
	language = {fr},
	urldate = {2025-02-07},
	file = {Snapshot:files/173/portage-repas-domicile-levier-ameliorer-letat-nutritionnel-personnes-agees-dependantes.html:text/html},
}
